% This file was created with JabRef 2.10.
% Encoding: Cp1250


@String { ACC       = {} }
@String { ACCV      = {Proc. Asian Conf. Computer Vision} }
@String { AHJ       = {Am. Heart J.} }
@String { AI        = {Artificial Intelligence} }
@String { AIAAJG    = {AIAA J. of Guidance} }
@String { AJC       = {Am. J. Cardiol.} }
@String { AJMAA     = {Australian J. Math. Analysis and Applications} }
@String { AMDO      = {Intl. Conf. Articulated Motion And Deformable Objects} }
@String { ANMS      = {Annals of Math. Statistics} }
@String { AO        = {Appl. Optics} }
@String { AP        = {Academic Press} }
@String { ARRD      = {Am. Rev. Resp. Dis.} }
@String { AS        = {Annaly of Statistics} }
@String { AUT       = {Automatica} }
@String { AVSS      = {Advanced Video and Signal Based Surveillance} }
@String { AW        = {Addison-Wesley} }
@String { BC        = {Biol. Cybernetics} }
@String { BMVC      = {Proc. British Machine Vision Conference} }
@String { CACM      = {Comm. of the ACM} }
@String { CAIP95    = {Int Conf. Comp. Anal. Images and Patterns} }
@String { CGIP      = {Comp. Graphics and Image Proc.} }
@String { CinC      = {Computers in Cardiology} }
@String { CJ        = {Comp. Journal} }
@String { CSDA      = {Comput. Stat. Data Analysis} }
@String { CSTM      = {Commu. Statist. Theory and Methods} }
@String { CVGIP     = {Comp. Vision, Graphics, and Image Proc.} }
@String { CVGIPG    = {CVGIP -- Graph. Models and Image Proc.} }
@String { CVGIPI    = {CVGIP -- Image Understanding} }
@String { CVIU      = {Comp. Vis. Image Understanding} }
@String { CVPR      = {Comp. Vis. Patt. Recognition} }
@String { DAGM      = {Ann. Symp. German Association Patt. Recogn.} }
@String { ECCV      = {Proc. European Conf. Computer Vision} }
@String { EHJ       = {Eur. Heart J.} }
@String { ER        = {Electrotechnical Review} }
@String { GMIP      = {Graph. Models and Image Proc.} }
@String { IBM       = {IBM J. of Research and Development} }
@String { ICARCV    = {Int. Conf. Control Aut. Rob. and Vision} }
@String { ICASSP    = {Proc. Int. Conf. Acoust., Speech, Signal Processing} }
@String { ICCV      = {Int. Conf. Computer Vision} }
@String { ICIAP     = {Proc. Int. Conf. Image Analysis and Processing} }
@String { ICIG      = {Proc. Int. Conf. Image and Graphics} }
@String { ICIP      = {Proc. Int. Conf. Image Processing} }
@String { ICML      = {Proc. Int. Conf. Mach. Learning} }
@String { ICPP      = {Int. Conf. Parallel Processing} }
@String { ICPR      = {Proc. Int. Conf. Pattern Recognition} }
@String { ICRA      = {Int. Conf. Robotics and Automation} }
@String { IEEAC     = {IEEE Trans. Automatic Control} }
@String { IEEEAES   = {IEEE Trans. Aerospace and Electronic Systems} }
@String { IEEEASSP  = {IEEE Trans. Acoustics, Speech, and Signal Proc.} }
@String { IEEEBME   = {IEEE Trans. Biomed. Eng.} }
@String { IEEECOMM  = {IEEE Trans. Communications} }
@String { IEEECOMMT = {IEEE Trans. Communications Technology} }
@String { IEEECOMP  = {IEEE Trans. Computers} }
@String { IEEEFS    = {IEEE Trans. Fuzzy Systems} }
@String { IEEEGRS   = {IEEE Trans. Geoscience and Remote Sensing} }
@String { IEEEICIP  = {Proc. IEEE Int. Conf. Image Processing} }
@String { IEEEIP    = {IEEE Trans. Image Proc.} }
@String { IEEEIT    = {IEEE Trans. Information Theory} }
@String { IEEEKDE   = {IEEE Trans. Knowledge and Data Eng.} }
@String { IEEEMI    = {IEEE Trans. Med. Imaging} }
@String { IEEEPAMI  = {IEEE Trans. Pattern Anal. Mach. Intell.} }
@String { IEEESE    = {IEEE Trans. Software Eng.} }
@String { IEEESMCB  = {IEEE Trans. Systems, Man and Cybernetics, B} }
@String { IEEESMCC  = {IEEE Trans. Systems, Man and Cybernetics, C} }
@String { IEEESP    = {IEEE Trans. Signal Proc.} }
@String { IEEETIP   = {} }
@String { IEEETVCG  = {IEEE Transactions on Visualization and Computer Graphics} }
@String { IEEETMI   = {IEEE Trans. Med. Imaging} }
@String { IEEETNN   = {IEEE Trans. Neural Networks} }
@String { IEERSN    = {IEE Proceedings Radar, Sonar and Navigation} }
@String { IEEVISP   = {IEE Proceedings Vision, Image and Signal Processing} }
@String { IJCI      = {Int. J. Cardiac Imag.} }
@String { IJCV      = {Int. J. Comput. Vision} }
@String { IJPP      = {Int. J. Parallel Programming} }
@String { IJPRAI    = {Int. Journal of Pattern Recognition and Artificial Intelligence} }
@String { IJRR      = {Int. Journal of Robotics Research} }
@String { IPA       = {Int. Conf. Image Proc. Applications} }
@String { IPPS      = {Int. Parallel Processing Symposium} }
@String { IROS      = {Int. Conf. Intell. Robots and Systems} }
@String { IS        = {Inform. Sci.} }
@String { ISISPA    = {Proc. Int. Symp. Image and Signal Processing and Analysis} }
@String { IVC       = {Image and Vision Computing} }
@String { JACC      = {J. Am. Coll. Cardiol.} }
@String { JAP       = {J. Applied Physiology} }
@String { JAR       = {Auton. Robots} }
@String { JASA      = {J. Amer. Stat. Assoc.} }
@String { JCAT      = {J. Comp. Asst. Tomog.} }
@String { JCGS      = {J. Comp. and Graph. Statistics} }
@String { JE        = {J. of Econometrics} }
@String { JMS       = {J. Multimed. Syst.} }
@String { JORS      = {J. of the Operational Research Society} }
@String { JRSS      = {J. Royal Statistical Society} }
@String { JSMPF     = {J. Sports Med. and Phys. Fitness} }
@String { JVCIR     = {J.~Visual Comm. and Image Rep.} }
@String { JW        = {John Wiley and Sons} }
@String { KLUWER    = {Kluwer Academic Publishers} }
@String { MH        = {McGraw Hill} }
@String { NEJM      = {New Engl. J. Med.} }
@String { NH        = {North Holland} }
@String { NIPS      = {Neural Inf. Proc. Systems} }
@String { NN        = {Neural Networks} }
@String { OE        = {Ocean Engineering} }
@String { PETS      = {Perf. Eval. Track. and Surveillance} }
@String { PH        = {Prentice-Hall} }
@String { PMB       = {Phys. in Medic. \& Biol.} }
@String { PR        = {Patt. Recogn.} }
@String { PRL       = {Patt. Recogn. Lett.} }
@String { PROCIEEE  = {Proc. of the IEEE} }
@String { RAM       = {Int. Conf. Robotics, Aut. Mechatronics} }
@String { ROSUS     = {Ra{\v c}unalni{\v s}ka obdelava slik in njena uporaba v Sloveniji} }
@String { RTI       = {Real-time imaging} }
@String { SIGGRAPH  = {Proc. ACM Siggraph} }
@String { SOE       = {Society for Optical Engineering} }
@String { SP        = {Signal Processing} }
@String { SPE       = {Software -- Practice and Experience} }
@String { SPIEBIP   = {Proc. SPIE Conf. Biomed. Image Proc. and Biomed. Visual.} }
@String { SPIEMI    = {Proc. SPIE Conf. Medical Imaging} }
@String { SPIEMM    = {Proc. SPIE Conf. Image Algebra Math. Morph. Image Proc.} }
@String { SPIEVBC   = {Proc. SPIE Conf. Visual. in Biomed. Comp.} }
@String { SPIEVC    = {Proc. SPIE Conf. Visual Comm.} }
@String { SPIEVCIP  = {Proc. SPIE Conf. Visual Comm. and Image Proc.} }
@String { SV        = {Springer Verlag} }
@String { TPDS      = {IEEE Transactions on Parallel and Distributed Systems} }
@String { VISAPP    = {Intl.l Conf. Comp. Vis., Imaging and Comp. Graph. Theory and Applications} }
% Custom
@String {SCIREP     = {Scientific Reports}}
@string{IJEG = {Internation Journal of Education and Humanities}}

@string{FIP = {Frontiers in Psychology}}

@Article{Qingtian2024,
    Title = {From Virtual to Reality: How VR, AR, XR, MR are Reshaping Our Lives and Work},
    Author = {Li, Q.},
    Year = {2024},
    Month = {November},
    Number = {3},
    Volume = {15},
    Journal = IJEG,
    TimeStamp = {2024.11.22}
}

@Article{WenKai2024,
  Title       = {Effective recognition design in 8-ball billiards vision systems for training purposes based on Xception network modified by improved Chaos African Vulture Optimizer},
  Author      = {WenKai, P. and Dong, Z. and Jutao, W. and Haiyan, Z.},
  Journal     = SCIREP,
  Year        = {2024},
  Month       = {June},
  Number      = {17},
  Volume      = {14},
  Timestamp   = {2024.11.8}
}

@Article{Sousa2016,
  Title     = {Augmented reality system to assist inexperienced pool players},
  Author    = {Sousa, L. and Alves, R. and Rodrigues, J. M. F.},
  Journal   = {Research Article},
  Year      = {2016},
  Volume    = {2},
  Pages     = {183--193},
  Month     = {April},
  Note      = {Open access, Published: 26 April 2016},
 Timestamp   = {2024.11.8}
}

@Article{Macedo2023Occlusion,
  Title     = {Occlusion Handling in Augmented Reality: Past, Present and Future},
  Author    = {Macedo, C. F. M. and Apolin√°rio, A. L. },
  Journal   =  IEEETVCG,
  Volume    = {29},
  Number    = {2},
  Pages     = {1590--1609},
  Year      = {2023},
  Month     = {February},
  TimeStamp = {2024.11.26}
}

@Article{McKenzie2022PianoVision,
  Title     = {PianoVision: A New VR-Powered Piano-Learning Experience},
  Author    = {McKenzie, T.},
  Journal   = {80.lv},
  Year      = {2022},
  Month     = {August},
  URL       = {https://80.lv/articles/pianovision-a-new-vr-powered-piano-learning-experience/},
  TimeStamp = {2024.11.26}
}

@Article{Chow2023Exergaming,
  Title     = {Exergaming and Education: A Relational Model for Games Selection and Evaluation},
  Author    = {Chow, D. H. K. and Mann, S. K. F.},
  Journal   = FIP,
  Volume    = {14},
  Year      = {2023},
  DOI       = {10.3389/fpsyg.2023.1197403},
  URL       = {https://doi.org/10.3389/fpsyg.2023.1197403},
  TimeStamp = {2024.12.01}
}

@Article{Krajancich2020Factored,
  Title     = {Factored Occlusion: Single Spatial Light Modulator Occlusion-capable Optical See-through Augmented Reality Display},
  Author    = {Krajancich, Brooke and Padmanaban, Nitish and Wetzstein, Gordon},
  Journal   = IEEETVCG,
  Volume    = {26},
  Number    = {5},
  Pages     = {1871-1880}, 
  Year      = {2020},
  Month     = {May},
  TimeStamp = {2024.12.01}
}

@Article{Zhang2023AddOn,
  Title     = {Add-on Occlusion: Turning Off-the-Shelf Optical See-through Head-mounted Displays Occlusion-capable},
  Author    = {Zhang, Yan and Hu, Xiaodan and Kiyokawa, Kiyoshi and Yang, Xubo},
  Journal   = IEEETVCG,
  Volume    = {29},
  Number    = {5},
  Pages     = {2700-2710}, 
  Year      = {2023},
  Month     = {May},
  TimeStamp = {2024.12.01}
}

@Conference{Sargaana2005Collaborative,
  Title     = {Collaborative billiARds: Towards the Ultimate Gaming Experience},
  Author    = {Sargaana, Usman and Farahani, Hossein S. and Lee, Jong Weon and Ryu, Jeha and Woo, Woontack},
  Booktitle = {Entertainment Computing ‚Äì ICEC 2005},
  Pages     = {357-367},
  Publisher = {Springer},
  Year      = {2005},
  TimeStamp = {2024.12.01}
}

@Article{Yan2024Enhancing,
  Title     = {Enhancing Billiards Learning with Head-Mounted AR: A Holographic Guidance System with AI-Powered Shot Analysis},
  Author    = {Yan, Jintao and Zhan, Yinwei},
  Journal   = {Authorea},
  Year      = {2024},
  Month     = {November},
  DOI       = {10.22541/au.173086768.80367033/v1},
  URL       = {https://www.authorea.com/doi/full/10.22541/au.173086768.80367033},
  TimeStamp = {2024.12.01}
}

@misc{MetaDevelopers2024,
    Title = {Unity Scene Build for Mixed Reality},
    Author = {{Meta Developers}},
    Month ={December},
    Year = {2024},
    Url = {https://developers.meta.com/horizon/documentation/unity/unity-scene-build-mixed-reality/},
    TimeStamp = {2025.01.01}
}

@misc{MiraclePool,
    Title = {MiRacle Pool},
    Url = {https://www.meta.com/experiences/miracle-pool-early-access/5796340207136099/},
    Author = {Pixel Works},
    Year = {2024},
    Month = {May},
    TimeStamp = {2025.01.01}
}

@misc{EDU,
    Title = {How to Play Pool - Billiards and Pool Principles, Techniques, Resources},
    Author = {Alciatore, Dave},
    Url = {https://billiards.colostate.edu/},
    Year = {2024},
    Month = {November},
    TimeStamp = {2025.01.01}
}

@misc{MetaDevelopers2024b,
    Title = {Unity Scene Build for Mixed Reality},
    Author = {{Meta Developers}},
    Month ={September},
    Year = {2024},
    Url = {https://developers.meta.com/horizon/documentation/unity/unity-customize-passthrough-passthrough-occlusions/},
    TimeStamp = {2025.05.01}
}

